@book{KA,
  title  = {Kitáb-i-Aqdas},
  author = {Bahá'u'lláh}
}

@book{TDP,
  title  = {Tablets of the Divine Plan},
  author = {`Abdu'l-Bahá}
}

@book{GWB,
  title  = {Gleanings from the Writings of Bahá'u'lláh},
  author = {Bahá'u'lláh}
}

@book{GDM,
  title  = {Gems of Divine Mysteries},
  author = {Bahá'u'lláh}
}

@book{ESW,
  title  = {Epistle to the Son of the Wolf},
  author = {Bahá'u'lláh}
}

@book{HW,
  title  = {The Hidden Words},
  author = {Bahá'u'lláh}
}

@book{SWB,
  title  = {Selections from the Writings of the Báb},
  author = {The Báb}
}

@book{SWAB,
  title  = {Selections from the Writings of `Abdu'l-Bahá},
  author = {`Abdu'l-Bahá}
}

@book{SLH,
  title  = {Summons of the Lord of Hosts},
  author = {Bahá'u'lláh}
}

@book{KI,
  title  = {The Kitáb-i-Íqán},
  author = {Bahá'u'lláh}
}

@book{PUP,
  title  = {The Promulgation of Universal Peace},
  author = {`Abdu'l-Bahá}
}

@book{WOB,
  title  = {The World Order of Bahá'u'lláh},
  author = {Shoghi Effendi}
}

@book{B_WOB,
  title  = {\textnormal{cited in} The World Order of Bahá'u'lláh},
  author = {Bahá'u'lláh}
}

@book{DG,
  title  = {Directives from the Guardian},
  author = {Shoghi Effendi}
}

@book{PT,
  title  = {Paris Talks},
  author = {`Abdu'l-Bahá}
}

@book{AIL,
  title  = {`Abdu'l-Bahá in London},
  author = {`Abdu'l-Bahá}
}

@book{DG,
  title  = {Directives from the Guardian},
  author = {Shoghi Effendi}
}

@book{PDC,
  title  = {The Promised Day is Come},
  author = {Shoghi Effendi}
}

@book{A_PDC,
  title  = {\textnormal{cited in} The Promised Day is Come},
  author = {`Abdu'l-Bahá}
}

@book{MF,
  title  = {Memorials of the Faithful},
  author = {`Abdu'l-Bahá}
}

@book{FlameOfFire,
  title  = {A Flame of Fire},
  author = {Abu'l-Qasim Faizi}
}

@book{COC,
  title  = {The Child of the Covenant},
  author = {Adib Taherzadeh}
}
